%% LaTeX2e file `newbib.bib'
%% generated by the `filecontents' environment
%% from source `main' on 2022/07/13.
%%
@article{aa:3001,
  author  = "Anne Author",
  title   = "Thoughts",
  journal = "Circularity Today",
  year    = 3001,
  volume  = 1,
  number  = 2,
  pages   = "3--4",
}
